@article{a,
  author          = {朱玲，郑虹，王中平，张权，张增明，孙腊珍},
  journal         = {物理实验},
  number          = {10-13},
  title           = {使用光栅单色仪测量红宝石晶体的吸收和发射光谱},
  volume          = {34(11)},
  year            = {2014}
}

@article{this,
  author          = {单色仪的定标与光谱测量实验讲义},
  title           = {大学物理实验-现代物理实验}
}

@article{b,
  author          = {try},
  journal         = {hei},
  number          = {10-13},
  title           = {i_love_u},
  volume          = {34(11)},
  year            = {2014}
}

@article{UF,
  author          = {张建民，才让卓玛},
  journal         = {大学物理实验},
  number          = {1007-2934(2014)04-0066-04},
  title           = {夫兰克-赫兹实验中影响板极电流因素浅析},
  volume          = {27(4)},
  year            = {2014}
}

@article{U2,
  author          = {周晓燕},
  journal         = {科技创新导报},
  number          = {1674-098X(2017)12(a)-0246-02},
  title           = {夫兰克-赫兹曲线峰谷值的理论分析},
  year            = {2017}
}