@article{UG1K,
  author          = {沈畅,徐永祥},
  journal         = {西安工业大学学报},
  number          = {1673-9965(2020)04-0378-06},
  title           = {F-H实验中第一栅压对$I_A$-$U_{G_{2}K}$曲线的影响研究},
  volume          = {40(4)},
  year            = {2020}
}

@article{UF,
  author          = {张建民，才让卓玛},
  journal         = {大学物理实验},
  number          = {1007-2934(2014)04-0066-04},
  title           = {夫兰克-赫兹实验中影响板极电流因素浅析},
  volume          = {27(4)},
  year            = {2014}
}

@article{U2,
  author          = {周晓燕},
  journal         = {科技创新导报},
  number          = {1674-098X(2017)12(a)-0246-02},
  title           = {夫兰克-赫兹曲线峰谷值的理论分析},
  year            = {2017}
}